%% This BibTeX bibliography file was created using BibDesk.
%% https://bibdesk.sourceforge.io/

%% Created for David J.T. Sumpter at 2023-03-02 09:00:04 +0100 


%% Saved with string encoding Unicode (UTF-8) 



@article{d2020underspecification,
	author = {D'Amour, Alexander and Heller, Katherine and Moldovan, Dan and Adlam, Ben and Alipanahi, Babak and Beutel, Alex and Chen, Christina and Deaton, Jonathan and Eisenstein, Jacob and Hoffman, Matthew D and others},
	journal = {arXiv preprint arXiv:2011.03395},
	title = {Underspecification presents challenges for credibility in modern machine learning},
	year = {2020}}

@article{silver2021reward,
	author = {Silver, David and Singh, Satinder and Precup, Doina and Sutton, Richard S},
	journal = {Artificial Intelligence},
	pages = {103535},
	publisher = {Elsevier},
	title = {Reward Is Enough},
	year = {2021}}

@book{cilliers2002complexity,
	author = {Cilliers, Paul},
	publisher = {Routledge},
	title = {Complexity and postmodernism: Understanding complex systems},
	year = {2002}}

@book{cilliers2016critical,
	author = {Cilliers, Paul and Preiser, Rika},
	publisher = {Berlin/Boston: Walter de Gruyter GmbH \& Co KG},
	title = {Critical Complexity},
	year = {2016}}

@book{wittgenstein1953philosophical,
	author = {Wittgenstein, Ludwig},
	publisher = {Oxford: Basil Blackford},
	title = {Philosophical investigations},
	year = {1953}}

@article{metz2016relational,
	author = {Metz, Thaddeus and Miller, Sarah Clark},
	journal = {The international encyclopedia of ethics},
	pages = {1--10},
	publisher = {John Wiley \& Sons Hoboken},
	title = {Relational ethics},
	year = {2016}}

@book{blanchard2011differential,
	author = {Blanchard, P. and Devaney, R. and Hall, G.},
	isbn = {9781133109037},
	publisher = {Cengage Learning},
	title = {Differential Equations},
	year = {2011}}

@article{freire1996pedagogy,
	author = {Freire, Paulo},
	journal = {New York: Continuum},
	pages = {357--358},
	title = {Pedagogy of the oppressed (revised)},
	volume = {356},
	year = {1996}}

@article{lorde2003master,
	author = {Lorde, Audre},
	journal = {Feminist postcolonial theory: A reader},
	pages = {27},
	title = {The master's tools will never dismantle the master's house},
	volume = {25},
	year = {2003}}

@book{hooks1989talking,
	author = {Hooks, Bell},
	publisher = {South End Press},
	title = {Talking back: Thinking feminist, thinking black},
	volume = {10},
	year = {1989}}

@misc{mbiti1969african,
	author = {Mbiti, John S},
	publisher = {Praeger},
	title = {African Religions and Philosophy. New York: Frederick A},
	year = {1969}}

@article{collins1989social,
	author = {Collins, Patricia Hill},
	journal = {Signs: Journal of women in culture and society},
	number = {4},
	pages = {745--773},
	publisher = {University of Chicago Press},
	title = {The social construction of black feminist thought},
	volume = {14},
	year = {1989}}

@article{bakhtin1984problems,
	author = {Bakhtin, Mikhail},
	journal = {and trans. Caryl Emerson. Minneapolis: U of Minnesota P},
	title = {Problems of Dostoevsky's Poetics. 1929},
	year = {1984}}

@article{cilliers2005complexity,
	author = {Cilliers, Paul},
	journal = {Theory, culture \& society},
	number = {5},
	pages = {255--267},
	publisher = {Sage Publications Sage UK: London, England},
	title = {Complexity, deconstruction and relativism},
	volume = {22},
	year = {2005}}

@book{collins2002black,
	author = {Collins, Patricia Hill},
	publisher = {routledge},
	title = {Black feminist thought: Knowledge, consciousness, and the politics of empowerment},
	year = {2002}}

@article{birhane2017descartes,
	author = {Birhane, Abeba},
	journal = {Aeon},
	title = {Descartes was wrong:`a person is a person through other persons'},
	year = {2017}}

@article{breiman2001statistical,
	author = {Breiman, Leo},
	journal = {Statistical science},
	number = {3},
	pages = {199--231},
	publisher = {Institute of Mathematical Statistics},
	title = {Statistical modeling: The two cultures (with comments and a rejoinder by the author)},
	volume = {16},
	year = {2001}}

@article{waldrop2022beyond,
	author = {Waldrop, M Mitchell},
	journal = {Proceedings of the National Academy of Sciences},
	number = {38},
	pages = {e2214148119},
	publisher = {National Acad Sciences},
	title = {Beyond deep learning},
	volume = {119},
	year = {2022}}

@phdthesis{preiser2012problem,
	author = {Preiser, Rika},
	school = {Stellenbosch: Stellenbosch University},
	title = {The problem of complexity: Re-thinking the role of critique},
	year = {2012}}

@article{preiser2013deconstruction,
	author = {Preiser, Rika and Cilliers, Paul and Human, Oliver},
	journal = {South African Journal of Philosophy},
	number = {3},
	pages = {261--273},
	publisher = {Taylor \& Francis},
	title = {Deconstruction and complexity: a critical economy},
	volume = {32},
	year = {2013}}

@article{juarrero2000dynamics,
	author = {Juarrero, Alicia},
	journal = {Emergence},
	number = {2},
	pages = {24--57},
	publisher = {Taylor \& Francis},
	title = {Dynamics in action: Intentional behavior as a complex system},
	volume = {2},
	year = {2000}}

@article{pearl2009causal,
	author = {Pearl, Judea},
	journal = {Statistics surveys},
	pages = {96--146},
	publisher = {Amer. Statist. Assoc., the Bernoulli Soc., the Inst. Math. Statist., and the~{\ldots}},
	title = {Causal inference in statistics: An overview},
	volume = {3},
	year = {2009}}

@incollection{jaynes1988does,
	author = {Jaynes, Edwin Thompson},
	booktitle = {Maximum-entropy and Bayesian methods in science and engineering},
	pages = {1--24},
	publisher = {Springer},
	title = {How does the brain do plausible reasoning?},
	year = {1988}}

@article{lipton2018troubling,
	author = {Lipton, Zachary C and Steinhardt, Jacob},
	journal = {arXiv preprint arXiv:1807.03341},
	title = {Troubling trends in machine learning scholarship},
	year = {2018}}

@article{mitchell2021ai,
	author = {Mitchell, Melanie},
	journal = {arXiv preprint arXiv:2104.12871},
	title = {Why AI is harder than we think},
	year = {2021}}

@article{weizenbaum1972impact,
	author = {Weizenbaum, Joseph},
	journal = {Science},
	number = {4035},
	pages = {609--614},
	title = {On the Impact of the Computer on Society},
	volume = {176},
	year = {1972}}

@article{birhane2021values,
	author = {Birhane, Abeba and Kalluri, Pratyusha and Card, Dallas and Agnew, William and Dotan, Ravit and Bao, Michelle},
	journal = {arXiv preprint arXiv:2106.15590},
	title = {The values encoded in machine learning research},
	year = {2021}}

@article{shannon1948mathematical,
	author = {Shannon, Claude Elwood},
	journal = {The Bell system technical journal},
	number = {3},
	pages = {379--423},
	publisher = {Nokia Bell Labs},
	title = {A mathematical theory of communication},
	volume = {27},
	year = {1948}}

@article{dixon1997modelling,
	author = {Dixon, Mark J and Coles, Stuart G},
	journal = {Journal of the Royal Statistical Society: Series C (Applied Statistics)},
	number = {2},
	pages = {265--280},
	publisher = {Wiley Online Library},
	title = {Modelling association football scores and inefficiencies in the football betting market},
	volume = {46},
	year = {1997}}

@article{spann2009sports,
	author = {Spann, Martin and Skiera, Bernd},
	journal = {Journal of Forecasting},
	number = {1},
	pages = {55--72},
	publisher = {Wiley Online Library},
	title = {Sports forecasting: a comparison of the forecast accuracy of prediction markets, betting odds and tipsters},
	volume = {28},
	year = {2009}}

@book{sumpter2010collective,
	author = {Sumpter, David JT},
	publisher = {Princeton University Press},
	title = {Collective animal behavior},
	year = {2010}}

@article{rastrollo2020analyzing,
	author = {Rastrollo-Guerrero, Juan L and G{\'o}mez-Pulido, Juan A and Dur{\'a}n-Dom{\'\i}nguez, Arturo},
	journal = {Applied sciences},
	number = {3},
	pages = {1042},
	publisher = {Multidisciplinary Digital Publishing Institute},
	title = {Analyzing and predicting students' performance by means of machine learning: A review},
	volume = {10},
	year = {2020}}

@article{gershenson2013living,
	author = {Gershenson, Carlos},
	journal = {Artificial life},
	number = {3\_4},
	pages = {401--420},
	publisher = {MIT Press},
	title = {Living in living cities},
	volume = {19},
	year = {2013}}

@article{froese2019problem,
	author = {Froese, Tom and Taguchi, Shigeru},
	journal = {Philosophies},
	number = {2},
	pages = {14},
	publisher = {Multidisciplinary Digital Publishing Institute},
	title = {The problem of meaning in AI and robotics: still with us after all these years},
	volume = {4},
	year = {2019}}

@book{lyotard1984postmodern,
	author = {Lyotard, Jean-Fran{\c{c}}ois},
	publisher = {U of Minnesota Press},
	title = {The postmodern condition: A report on knowledge},
	volume = {10},
	year = {1984}}

@article{aguilera2021particular,
	author = {Aguilera, Miguel and Millidge, Beren and Tschantz, Alexander and Buckley, Christopher L},
	journal = {Physics of Life Reviews},
	publisher = {Elsevier},
	title = {How particular is the physics of the free energy principle?},
	year = {2021}}

@article{mehrabi2021survey,
	author = {Mehrabi, Ninareh and Morstatter, Fred and Saxena, Nripsuta and Lerman, Kristina and Galstyan, Aram},
	journal = {ACM Computing Surveys (CSUR)},
	number = {6},
	pages = {1--35},
	publisher = {ACM New York, NY, USA},
	title = {A survey on bias and fairness in machine learning},
	volume = {54},
	year = {2021}}

@book{noble2018algorithms,
	author = {Noble, Safiya Umoja},
	publisher = {New York University Press},
	title = {Algorithms of oppression},
	year = {2018}}

@book{o2016weapons,
	author = {O'Neil, Cathy},
	publisher = {Broadway Books},
	title = {Weapons of math destruction: How big data increases inequality and threatens democracy},
	year = {2016}}

@article{abid2021large,
	author = {Abid, Abubakar and Farooqi, Maheen and Zou, James},
	journal = {Nature Machine Intelligence},
	number = {6},
	pages = {461--463},
	publisher = {Nature Publishing Group},
	title = {Large language models associate Muslims with violence},
	volume = {3},
	year = {2021}}

@article{anderson1972more,
	author = {Anderson, Philip W},
	journal = {Science},
	number = {4047},
	pages = {393--396},
	publisher = {American Association for the Advancement of Science},
	title = {More is different: broken symmetry and the nature of the hierarchical structure of science.},
	volume = {177},
	year = {1972}}

@book{wittgenstein2010philosophical,
	author = {Wittgenstein, Ludwig},
	publisher = {John Wiley \& Sons},
	title = {Philosophical investigations},
	year = {2010}}

@article{kaplan2020scaling,
	author = {Kaplan, Jared and McCandlish, Sam and Henighan, Tom and Brown, Tom B and Chess, Benjamin and Child, Rewon and Gray, Scott and Radford, Alec and Wu, Jeffrey and Amodei, Dario},
	journal = {arXiv preprint arXiv:2001.08361},
	title = {Scaling laws for neural language models},
	year = {2020}}

@book{juarrero1999dynamicsbook,
	author = {Juarrero, Alicia},
	publisher = {Cambridge, Ma: MIT Press},
	title = {Dynamics in action},
	year = {1999}}

@article{juarrero2013downward,
	author = {Juarrero, Alicia},
	journal = {Tradition and Discovery: The Polanyi Society Periodical},
	number = {3},
	pages = {4--15},
	title = {Downward Causation: Polanyi and Prigogine},
	volume = {40},
	year = {2013}}

@article{stark2021physiognomic,
	author = {Stark, Luke and Hutson, Jevan},
	journal = {Available at SSRN 3927300},
	title = {Physiognomic Artificial Intelligence},
	year = {2021}}

@article{gelman2017beyond,
	author = {Gelman, Andrew and Hennig, Christian},
	journal = {Journal of the Royal Statistical Society: Series A (Statistics in Society)},
	number = {4},
	pages = {967--1033},
	publisher = {Wiley Online Library},
	title = {Beyond subjective and objective in statistics},
	volume = {180},
	year = {2017}}

@article{times1958new,
	author = {Times, TNY},
	journal = {Psychologist Shows Embryo of Computer Designed to Read and Grow Wiser},
	title = {New navy device learns by doing},
	year = {1958}}

@article{gallo2013punishing,
	author = {Gallo, Edoardo and Grund, Thomas and James Reade, James},
	journal = {Oxford Bulletin of Economics and Statistics},
	number = {1},
	pages = {136--156},
	publisher = {Wiley Online Library},
	title = {Punishing the foreigner: implicit discrimination in the Premier League based on oppositional identity},
	volume = {75},
	year = {2013}}

@article{melnikov2018active,
	author = {Melnikov, Alexey A and Nautrup, Hendrik Poulsen and Krenn, Mario and Dunjko, Vedran and Tiersch, Markus and Zeilinger, Anton and Briegel, Hans J},
	journal = {Proceedings of the National Academy of Sciences},
	number = {6},
	pages = {1221--1226},
	publisher = {National Acad Sciences},
	title = {Active learning machine learns to create new quantum experiments},
	volume = {115},
	year = {2018}}

@techreport{stevens2020ai,
	author = {Stevens, Rick and Taylor, Valerie and Nichols, Jeff and Maccabe, Arthur Barney and Yelick, Katherine and Brown, David},
	institution = {Argonne National Lab.(ANL), Argonne, IL (United States)},
	title = {AI for Science},
	year = {2020}}

@article{bachtiger2020machine,
	author = {Bachtiger, Patrik and Peters, Nicholas S and Walsh, Simon LF},
	journal = {The Lancet Digital Health},
	number = {8},
	pages = {e391--e392},
	publisher = {Elsevier},
	title = {Machine learning for COVID-19---asking the right questions},
	volume = {2},
	year = {2020}}

@inproceedings{ghimire2020ai,
	author = {Ghimire, Awishkar and Thapa, Surendrabikram and Jha, Avinash Kumar and Kumar, Amit and Kumar, Arunish and Adhikari, Surabhi},
	booktitle = {2020 4th International Conference on Electronics, Communication and Aerospace Technology (ICECA)},
	organization = {IEEE},
	pages = {1083--1092},
	title = {AI and IoT solutions for tackling COVID-19 pandemic},
	year = {2020}}

@article{roberts2021common,
	author = {Roberts, Michael and Driggs, Derek and Thorpe, Matthew and Gilbey, Julian and Yeung, Michael and Ursprung, Stephan and Aviles-Rivero, Angelica I and Etmann, Christian and McCague, Cathal and Beer, Lucian and others},
	journal = {Nature Machine Intelligence},
	number = {3},
	pages = {199--217},
	publisher = {Nature Publishing Group},
	title = {Common pitfalls and recommendations for using machine learning to detect and prognosticate for COVID-19 using chest radiographs and CT scans},
	volume = {3},
	year = {2021}}

@misc{chantry2021opportunities,
	author = {Chantry, Matthew and Christensen, Hannah and Dueben, Peter and Palmer, Tim},
	journal = {Philosophical Transactions of the Royal Society A},
	number = {2194},
	pages = {20200083},
	publisher = {The Royal Society Publishing},
	title = {Opportunities and challenges for machine learning in weather and climate modelling: hard, medium and soft AI},
	volume = {379},
	year = {2021}}

@article{noe2020machine,
	author = {No{\'e}, Frank and De Fabritiis, Gianni and Clementi, Cecilia},
	journal = {Current opinion in structural biology},
	pages = {77--84},
	publisher = {Elsevier},
	title = {Machine learning for protein folding and dynamics},
	volume = {60},
	year = {2020}}

@article{degrave2022magnetic,
	author = {Degrave, Jonas and Felici, Federico and Buchli, Jonas and Neunert, Michael and Tracey, Brendan and Carpanese, Francesco and Ewalds, Timo and Hafner, Roland and Abdolmaleki, Abbas and de Las Casas, Diego and others},
	journal = {Nature},
	number = {7897},
	pages = {414--419},
	publisher = {Nature Publishing Group},
	title = {Magnetic control of tokamak plasmas through deep reinforcement learning},
	volume = {602},
	year = {2022}}

@article{vinyals2019grandmaster,
	author = {Vinyals, Oriol and Babuschkin, Igor and Czarnecki, Wojciech M and Mathieu, Micha{\"e}l and Dudzik, Andrew and Chung, Junyoung and Choi, David H and Powell, Richard and Ewalds, Timo and Georgiev, Petko and others},
	journal = {Nature},
	number = {7782},
	pages = {350--354},
	publisher = {Nature Publishing Group},
	title = {Grandmaster level in StarCraft II using multi-agent reinforcement learning},
	volume = {575},
	year = {2019}}

@inproceedings{shankar2020evaluating,
	author = {Shankar, Vaishaal and Roelofs, Rebecca and Mania, Horia and Fang, Alex and Recht, Benjamin and Schmidt, Ludwig},
	booktitle = {International Conference on Machine Learning},
	organization = {PMLR},
	pages = {8634--8644},
	title = {Evaluating machine accuracy on imagenet},
	year = {2020}}

@article{mnih2015human,
	author = {Mnih, Volodymyr and Kavukcuoglu, Koray and Silver, David and Rusu, Andrei A and Veness, Joel and Bellemare, Marc G and Graves, Alex and Riedmiller, Martin and Fidjeland, Andreas K and Ostrovski, Georg and others},
	journal = {nature},
	number = {7540},
	pages = {529--533},
	publisher = {Nature Publishing Group},
	title = {Human-level control through deep reinforcement learning},
	volume = {518},
	year = {2015}}

@article{silver2018general,
	author = {Silver, David and Hubert, Thomas and Schrittwieser, Julian and Antonoglou, Ioannis and Lai, Matthew and Guez, Arthur and Lanctot, Marc and Sifre, Laurent and Kumaran, Dharshan and Graepel, Thore and others},
	journal = {Science},
	number = {6419},
	pages = {1140--1144},
	publisher = {American Association for the Advancement of Science},
	title = {A general reinforcement learning algorithm that masters chess, shogi, and Go through self-play},
	volume = {362},
	year = {2018}}

@article{wasserman2000bayesian,
	author = {Wasserman, Larry},
	journal = {Journal of mathematical psychology},
	number = {1},
	pages = {92--107},
	publisher = {Elsevier},
	title = {Bayesian model selection and model averaging},
	volume = {44},
	year = {2000}}

@article{salganik2020measuring,
	author = {Salganik, Matthew J and Lundberg, Ian and Kindel, Alexander T and Ahearn, Caitlin E and Al-Ghoneim, Khaled and Almaatouq, Abdullah and Altschul, Drew M and Brand, Jennie E and Carnegie, Nicole Bohme and Compton, Ryan James and others},
	journal = {Proceedings of the National Academy of Sciences},
	number = {15},
	pages = {8398--8403},
	publisher = {National Acad Sciences},
	title = {Measuring the predictability of life outcomes with a scientific mass collaboration},
	volume = {117},
	year = {2020}}

@inproceedings{dalipi2018mooc,
	author = {Dalipi, Fisnik and Imran, Ali Shariq and Kastrati, Zenun},
	booktitle = {2018 IEEE Global Engineering Education Conference (EDUCON)},
	organization = {IEEE},
	pages = {1007--1014},
	title = {MOOC dropout prediction using machine learning techniques: Review and research challenges},
	year = {2018}}

@article{gilpin2020learning,
	author = {Gilpin, William and Huang, Yitong and Forger, Daniel B},
	journal = {Current Opinion in Systems Biology},
	pages = {1--7},
	publisher = {Elsevier},
	title = {Learning dynamics from large biological data sets: Machine learning meets systems biology},
	volume = {22},
	year = {2020}}

@article{cruz2006applications,
	author = {Cruz, Joseph A and Wishart, David S},
	journal = {Cancer informatics},
	pages = {117693510600200030},
	publisher = {SAGE Publications Sage UK: London, England},
	title = {Applications of machine learning in cancer prediction and prognosis},
	volume = {2},
	year = {2006}}

@article{camacho2018next,
	author = {Camacho, Diogo M and Collins, Katherine M and Powers, Rani K and Costello, James C and Collins, James J},
	journal = {Cell},
	number = {7},
	pages = {1581--1592},
	publisher = {Elsevier},
	title = {Next-generation machine learning for biological networks},
	volume = {173},
	year = {2018}}

@article{spanton2022measuring,
	author = {Spanton, Rory W and Guest, Olivia},
	journal = {arXiv preprint arXiv:2202.08674},
	title = {Measuring Trustworthiness or Automating Physiognomy? A Comment on Safra, Chevallier, Gr$\backslash$ezes, and Baumard (2020)},
	year = {2022}}

@article{bowyer2020criminality,
	author = {Bowyer, Kevin W and King, Michael C and Scheirer, Walter J and Vangara, Kushal},
	journal = {IEEE Transactions on Technology and Society},
	number = {4},
	pages = {175--183},
	publisher = {IEEE},
	title = {The ``Criminality From Face'' Illusion},
	volume = {1},
	year = {2020}}

@article{keles2021cautionary,
	author = {Keles, Umit and Lin, Chujun and Adolphs, Ralph},
	journal = {Affective Science},
	number = {4},
	pages = {438--454},
	publisher = {Springer},
	title = {A cautionary note on predicting social judgments from faces with deep neural networks},
	volume = {2},
	year = {2021}}

@article{vorhees2016has,
	author = {Vorhees, William},
	journal = {Data Science Central},
	title = {Has AI gone too far? Automated inference of criminality using face images},
	volume = {29},
	year = {2016}}

@article{barlas2021see,
	author = {Barlas, Pinar and Kyriakou, Kyriakos and Guest, Olivia and Kleanthous, Styliani and Otterbacher, Jahna},
	journal = {Proceedings of the ACM on Human-Computer Interaction},
	number = {CSCW3},
	pages = {1--31},
	publisher = {ACM New York, NY, USA},
	title = {To" see" is to stereotype: Image tagging algorithms, gender recognition, and the accuracy-fairness trade-off},
	volume = {4},
	year = {2021}}

@article{scheuerman2019computers,
	author = {Scheuerman, Morgan Klaus and Paul, Jacob M and Brubaker, Jed R},
	journal = {Proceedings of the ACM on Human-Computer Interaction},
	number = {CSCW},
	pages = {1--33},
	publisher = {ACM New York, NY, USA},
	title = {How computers see gender: An evaluation of gender classification in commercial facial analysis services},
	volume = {3},
	year = {2019}}

@article{rincon2021speaking,
	author = {Rinc{\'o}n, Cami and Keyes, Os and Cath, Corinne},
	journal = {Proceedings of the ACM on Human-Computer Interaction},
	number = {CSCW1},
	pages = {1--27},
	publisher = {ACM New York, NY, USA},
	title = {Speaking from Experience: Trans/Non-Binary Requirements for Voice-Activated AI},
	volume = {5},
	year = {2021}}

@inproceedings{fernandez2019decomposing,
	author = {Fern{\'a}ndez, Javier and Bornn, Luke and Cervone, Dan},
	booktitle = {13th MIT Sloan Sports Analytics Conference},
	title = {Decomposing the immeasurable sport: A deep learning expected possession value framework for soccer},
	year = {2019}}

@article{ibrahim2019kinematic,
	author = {Ibrahim, Rony and Kingma, Idsart and de Boode, Vosse A and Faber, Gert S and van Die{\"e}n, Jaap H},
	journal = {Journal of sports sciences},
	number = {3},
	pages = {313--321},
	publisher = {Taylor \& Francis},
	title = {Kinematic and kinetic analysis of the goalkeeper's diving save in football},
	volume = {37},
	year = {2019}}

@inproceedings{Gregory2021Pace,
	author = {Gregory, Sam and Pleuler, Devin and Daly-Grafstein, Daniel and Liu, Yang and Marchwica, Paul},
	booktitle = {2021 New England Symposium on Statistics in Sports},
	title = {Pace and Power: Removing unconscious bias from soccer broadcasts},
	year = {2021}}

@book{sumpter2016soccermatics,
	author = {Sumpter, David},
	publisher = {Bloomsbury Publishing},
	title = {Soccermatics: mathematical adventures in the beautiful game},
	year = {2016}}

@book{sumpter2018outnumbered,
	author = {Sumpter, David},
	publisher = {Bloomsbury Publishing},
	title = {Outnumbered: From Facebook and Google to Fake News and Filter-bubbles--the algorithms that control our lives},
	volume = {36},
	year = {2018}}

@book{crawford2021atlas,
	author = {Crawford, Kate},
	publisher = {Yale University Press},
	title = {The atlas of AI},
	year = {2021}}

@article{kamalov2021machine,
	author = {Kamalov, Firuz and Sulieman, Hana and Santandreu Calonge, David},
	journal = {Plos one},
	number = {8},
	pages = {e0254340},
	publisher = {Public Library of Science San Francisco, CA USA},
	title = {Machine learning based approach to exam cheating detection},
	volume = {16},
	year = {2021}}

@article{helbing2010pluralistic,
	author = {Helbing, Dirk},
	journal = {CCSS-10-009},
	title = {Pluralistic modeling of complex systems},
	year = {2010}}

@inproceedings{tsipras2020imagenet,
	author = {Tsipras, Dimitris and Santurkar, Shibani and Engstrom, Logan and Ilyas, Andrew and Madry, Aleksander},
	booktitle = {International Conference on Machine Learning},
	organization = {PMLR},
	pages = {9625--9635},
	title = {From imagenet to image classification: Contextualizing progress on benchmarks},
	year = {2020}}

@book{shanahan2010embodiment,
	author = {Shanahan, Murray},
	publisher = {Oxford University Press, USA},
	title = {Embodiment and the inner life: Cognition and Consciousness in the Space of Possible Minds},
	year = {2010}}

@article{raji2021ai,
	author = {Raji, Inioluwa Deborah and Bender, Emily M and Paullada, Amandalynne and Denton, Emily and Hanna, Alex},
	journal = {arXiv preprint arXiv:2111.15366},
	title = {AI and the everything in the whole wide world benchmark},
	year = {2021}}

@article{vajapeyam2014understanding,
	author = {Vajapeyam, Sriram},
	journal = {arXiv preprint arXiv:1405.2061},
	title = {Understanding Shannon's entropy metric for information},
	year = {2014}}

@inproceedings{bender2021dangers,
	author = {Bender, Emily M and Gebru, Timnit and McMillan-Major, Angelina and Shmitchell, Shmargaret},
	booktitle = {Proceedings of the 2021 ACM Conference on Fairness, Accountability, and Transparency},
	pages = {610--623},
	title = {On the Dangers of Stochastic Parrots: Can Language Models Be Too Big?\includegraphics[scale=0.08]{images/parrot.png}},
	year = {2021}}

@book{di2018linguistic,
	author = {Di Paolo, Ezequiel A and Cuffari, Elena Clare and De Jaegher, Hanne},
	publisher = {MIT press},
	title = {Linguistic bodies: The continuity between life and language},
	year = {2018}}

@article{marcus2020next,
	author = {Marcus, Gary},
	journal = {arXiv preprint arXiv:2002.06177},
	title = {The next decade in AI: four steps towards robust artificial intelligence},
	year = {2020}}

@article{birhane2021impossibility,
	author = {Birhane, Abeba},
	journal = {Artificial Life},
	number = {1},
	pages = {44--61},
	publisher = {MIT Press One Rogers Street, Cambridge, MA 02142-1209, USA journals-info~{\ldots}},
	title = {The impossibility of automating ambiguity},
	volume = {27},
	year = {2021}}

@article{birhane2021algorithmic,
	author = {Birhane, Abeba},
	journal = {Patterns},
	number = {2},
	pages = {100205},
	publisher = {Elsevier},
	title = {Algorithmic injustice: a relational ethics approach},
	volume = {2},
	year = {2021}}

@article{sutton2019bitter,
	author = {Sutton, Rich},
	journal = {URL http://www. incompleteideas. net/IncIdeas/BitterLesson. html},
	title = {The bitter lesson. 2019},
	year = {2019}}

@article{y2017physiognomy,
	author = {y Arcas, Blaise Aguera and Mitchell, Margaret and Todorov, Alexander},
	journal = {Medium (6 May 2017), online:< https://medium. com/@ blaisea/physiognomys-new-clothesf2d4b59fdd6a},
	title = {Physiognomy's new clothes},
	year = {2017}}

@book{belden2020eugenics,
	author = {Belden-Adams, Kris},
	publisher = {Routledge},
	title = {Eugenics,``Aristogenics,'' Photography: Picturing Privilege},
	year = {2020}}

@book{mitchell2009complexity,
	author = {Mitchell, Melanie},
	publisher = {Oxford University Press},
	title = {Complexity: A guided tour},
	year = {2009}}

@article{bar1998dynamics,
	author = {Bar-Yam, Yaneer and McKay, Susan R and Christian, Wolfgang},
	journal = {Computers in Physics},
	number = {4},
	pages = {335--336},
	publisher = {American Institute of Physics},
	title = {Dynamics of complex systems (Studies in nonlinearity)},
	volume = {12},
	year = {1998}}

@book{holland2000emergence,
	author = {Holland, John H},
	publisher = {OUP Oxford},
	title = {Emergence: From chaos to order},
	year = {2000}}

@article{friston2006free,
	author = {Friston, Karl and Kilner, James and Harrison, Lee},
	journal = {Journal of physiology-Paris},
	number = {1-3},
	pages = {70--87},
	publisher = {Elsevier},
	title = {A free energy principle for the brain},
	volume = {100},
	year = {2006}}
